<record><leader>00000cas a2200000 a 4500</leader><controlfield tag="001">8245285</controlfield><controlfield tag="008">820315d18491850nyuwr ne      0    0eng c</controlfield><datafield ind1=" " ind2=" " tag="010"><subfield code="a">sn 93062959 </subfield></datafield><datafield ind1=" " ind2=" " tag="040"><subfield code="a">VYN</subfield><subfield code="b">eng</subfield><subfield code="c">VYN</subfield><subfield code="d">YOX</subfield><subfield code="d">OCL</subfield><subfield code="d">OCLCQ</subfield><subfield code="d">NYS</subfield><subfield code="d">OCLCQ</subfield><subfield code="d">OCLCF</subfield><subfield code="d">OCLCO</subfield></datafield><datafield ind1="1" ind2=" " tag="029"><subfield code="a">AU@</subfield><subfield code="b">000020132832</subfield></datafield><datafield ind1=" " ind2=" " tag="042"><subfield code="a">pcc</subfield></datafield><datafield ind1=" " ind2=" " tag="043"><subfield code="a">n-us-ny</subfield></datafield><datafield ind1="0" ind2="0" tag="245"><subfield code="a">New-York Presbyterian.</subfield></datafield><datafield ind1=" " ind2=" " tag="260"><subfield code="a">New-York [N.Y.] :</subfield><subfield code="b">Theodore Dwight,</subfield><subfield code="c">1849-1850.</subfield></datafield><datafield ind1=" " ind2=" " tag="300"><subfield code="a">1 v. ;</subfield><subfield code="c">71 cm.</subfield></datafield><datafield ind1=" " ind2=" " tag="310"><subfield code="a">Weekly</subfield></datafield><datafield ind1="0" ind2=" " tag="362"><subfield code="a">Vol. 1, no. 1 (May 5, 1849)-v. 1, no. 52 (Apr. 27, 1850).</subfield></datafield><datafield ind1=" " ind2=" " tag="530"><subfield code="a">Also issued on microfilm from University Microfilms International (American periodical series: 1800-1850).</subfield></datafield><datafield ind1=" " ind2=" " tag="550"><subfield code="a">Issued by: Synod of New-York and New-Jersey of the Presbyterian Church in the U.S.A. (New School).</subfield></datafield><datafield ind1="2" ind2="0" tag="610"><subfield code="a">Presbyterian Church in the U.S.A. (New School)</subfield><subfield code="v">Newspapers.</subfield></datafield><datafield ind1=" " ind2="0" tag="650"><subfield code="a">Presbyterians</subfield><subfield code="z">New York (State)</subfield><subfield code="z">New York</subfield><subfield code="v">Newspapers.</subfield></datafield><datafield ind1=" " ind2="0" tag="651"><subfield code="a">New York (N.Y.)</subfield><subfield code="v">Newspapers.</subfield></datafield><datafield ind1=" " ind2="0" tag="651"><subfield code="a">New York County (N.Y.)</subfield><subfield code="v">Newspapers.</subfield></datafield><datafield ind1=" " ind2="7" tag="655"><subfield code="a">Newspapers.</subfield><subfield code="2">fast</subfield><subfield code="0">(OCoLC)fst01423814</subfield></datafield><datafield ind1="2" ind2="7" tag="610"><subfield code="a">Presbyterian Church in the U.S.A. (New School)</subfield><subfield code="2">fast</subfield><subfield code="0">(OCoLC)fst00577334</subfield></datafield><datafield ind1=" " ind2="7" tag="650"><subfield code="a">Presbyterians.</subfield><subfield code="2">fast</subfield><subfield code="0">(OCoLC)fst01075567</subfield></datafield><datafield ind1=" " ind2="7" tag="651"><subfield code="a">New York (State)</subfield><subfield code="z">New York.</subfield><subfield code="2">fast</subfield><subfield code="0">(OCoLC)fst01204333</subfield></datafield><datafield ind1=" " ind2="7" tag="651"><subfield code="a">New York (State)</subfield><subfield code="z">New York County.</subfield><subfield code="2">fast</subfield><subfield code="0">(OCoLC)fst01234953</subfield></datafield><datafield ind1="2" ind2=" " tag="710"><subfield code="a">Presbyterian Church in the U.S.A. (New School).</subfield><subfield code="b">Synod of New York and New Jersey.</subfield></datafield><datafield ind1=" " ind2=" " tag="752"><subfield code="a">New York</subfield><subfield code="b">New York</subfield><subfield code="c">New York</subfield><subfield code="d">New York.</subfield></datafield><datafield ind1="0" ind2="7" tag="785"><subfield code="t">New-York evangelist (New York, N.Y. : 1830)</subfield><subfield code="w">(DLC)sn 85054545</subfield><subfield code="w">(OCoLC)2264966</subfield></datafield><datafield ind1="0" ind2="7" tag="785"><subfield code="t">New-York evangelist and New-York Presbyterian</subfield><subfield code="w">(DLC)sn 87060178</subfield><subfield code="w">(OCoLC)15358831</subfield></datafield></record>